@inproceedings{Aitchison2005,
  title={A concise guide to compositional data analysis},
  author={Aitchison, John},
  booktitle={Compositional Data Analysis Workshop},
  year={2005}
}
