@book{Chave2017,
  title={Computational statistics in the earth sciences: with applications in MATLAB},
  author={Chave, Alan D},
  year={2017},
  publisher={Cambridge University Press}
}
