@article{Pawlowsky-Glahn2007,
  title={Lecture notes on compositional data analysis},
  author={Pawlowsky-Glahn, Vera and Egozcue, Juan Jos{\'e} and Tolosana Delgado, Raimon},
  year={2007},
  publisher={Universitat de Girona}
}
